@incollection{mcmahon:phoneticnotation,
author="McMahon, Michael K.C.",
year=1196,
title="Phonetic Notation",
booktitle="The World's Writing Systems",
editor="Daniels, P.T. and Bright, W.",
publisher="Oxford University Press",
pages="821--846",
isbn="0-19-507993-0"
}
